%% This BibTeX bibliography file was created using BibDesk.
%% http://bibdesk.sourceforge.net/

%% Created for Benajmin Blankholm at 2016-04-04 11:28:30 +0200 


%% Saved with string encoding Unicode (UTF-8) 



@book{tanenbaum,
	Address = {Upper Saddle River (N.J.)},
	Author = {Tanenbaum, Andrew},
	Date-Added = {2016-04-04 09:24:07 +0000},
	Date-Modified = {2016-04-04 09:26:47 +0000},
	Publisher = {Pearson, Prentice-Hall},
	Title = {Structured Computer Organization},
	Year = {2006}}

@article{brodal-branch,
	Author = {Gerth St{\o}lting Brodal, Gabriel Moruz},
	Date-Added = {2016-04-04 09:07:11 +0000},
	Date-Modified = {2016-04-04 09:08:21 +0000},
	Journal = {Proc. 9th International Workshop on Algorithms and Data Structures (WADS), Lecture Notes in Computer Science,},
	Pages = {385-395},
	Title = {Tradeoffs Between Branch Mispredictions and Comparisons for Sorting Algorithms},
	Volume = {3608},
	Year = {2005}}

@book{CLRS,
	Address = {Cambridge (Mass.)},
	Author = {Cormen, Thomas H. and Leiserson, Charles Eric and Rivest, Ronald L. and Stein, Clifford},
	Date-Added = {2016-04-04 08:57:21 +0000},
	Date-Modified = {2016-04-04 08:59:55 +0000},
	Publisher = {MIT Press},
	Title = {Introduction to Algorithms},
	Year = {2009}}

@article{Kaligosi-quicksort,
	Author = {Kanela Kaligosi and Peter Sanders},
	Date-Added = {2016-04-04 08:01:16 +0000},
	Date-Modified = {2016-04-04 08:05:38 +0000},
	Journal = {Proc. 14th Annual European Symposium on Algorithms (ESA), Lecture Notes in Computer Science},
	Pages = {780-791},
	Title = {How Branch Mispredictions Affect Quicksort},
	Volume = {4168},
	Year = {2006}}

@article{brodal-bst,
	Author = {Gerth St{\o}lting Brodal and Gabriel Moruz},
	Date-Added = {2016-04-04 07:59:24 +0000},
	Date-Modified = {2016-04-04 08:06:12 +0000},
	Journal = {In Proc. 14th Annual European Symposium on Algorithms (ESA), Lecture Notes in Computer Science},
	Pages = {708-719},
	Title = {Skewed Binary Search Trees},
	Volume = {4168},
	Year = {2006}}
